@book{rapidproto,
    author      = "Chee Kai Chua, Kah Fai Leong, Chu Sing Lim",
    title       = "Rapid Prototyping: Principles and Applications - 3ยบ Edition",
    year        = "2010",
    publisher   = "World Scientific Publishing Co. Pte. Ltd.",
}
